@article{tversky74,
    author    = "Tversky, A. and Kahneman, D.",
    title     = "Judgment under Uncertainty: Heuristics and Biases",
    journal   = "New Series",
    volume    = "185",
    number    = "4157",
    pages     = "1124-1131",
    publisher = "Science",
    year      = "1974",
}

@inproceedings{anderson1995developing,
  title={Developing a heuristic via diagrammatic reasoning},
  author={Anderson, Michael and McCartney, Robert},
  booktitle={Proceedings of the 1995 ACM symposium on Applied Computing},
  pages={227--231},
  year={1995}
}

@article{crombez2020efficient,
  title={Efficient Algorithms for Battleship},
  author={Crombez, Lo{\"\i}c and da Fonseca, Guilherme D and Gerard, Yan},
  journal={arXiv preprint arXiv:2004.07354},
  year={2020}
}

@article{Hjeij2023,
    author    = "Mohamad Hjeij and Arnis Vilks (1973)",
    title     = "A brief history of heuristics: how did research on heuristics evolve?",
    journal   = "Humanities \& Social Sciences Communications",
    volume    = "10",
    number    = "64 ",
    publisher = "Nature",
    year      = "2023",
}

@misc{historyWiki,
    author       = "Wikipedia",
    title        = "Battleship (game)",
    howpublished = "Dostęp zdalny (17.07.2024): \url{https://en.wikipedia.org/wiki/Battleship_(game)}",
    year         = "2024"
}

@misc{museumOfGames,
    author       = "{ELLIOTT AVEDON VIRTUAL MUSEUM OF GAMES}",
    title        = "BATTLESHIP GAMES",
    howpublished = "Dostęp zdalny (17.07.2024): \url{https://healthy.uwaterloo.ca/museum/VirtualExhibits/Whitehill/Battleship/index.html}",
    year         = "2024"
}


@misc{whyChooseVue,
    author       = "Lauren Ramirez",
    title        = "Why Vue is the best framework for 2021 (and beyond)",
    howpublished = "Dostęp zdalny (17.07.2024): \url{https://www.vuemastery.com/blog/why-vue-is-the-best-framework-for-2021-and-beyond/}",
    year         = "2021"
}

@misc{heuristicEtymology,
    author       = "Wikipedia",
    title        = "heuristic",
    howpublished = "Dostęp zdalny (17.07.2024): \url{https://en.wiktionary.org/wiki/heuristic}",
    year         = "2024"
}

@misc{commodore64,
    author       = "Youtube",
    title        = "Battleship - Commodore 64",
    howpublished = "Dostęp zdalny (17.07.2024): \url{https://www.youtube.com/watch?v=kk_OoyGEB-8}",
    year         = "2024"
}

@misc{eBay,
    author       = "eBay",
    title        = "1967 Battleship Game by Milton Bradley Complete with Box 4730",
    howpublished = "Dostęp zdalny (17.07.2024): \url{https://www.ebay.pl/itm/314238477656}",
    year         = "2024"
}

@misc{vuejs,
    author       = "Vue.js",
    title        = "What is Vue?",
    howpublished = "Dostęp zdalny (17.07.2024): \url{https://vuejs.org/guide/introduction.html}",
    year         = "2024"
}

@misc{whatisdotnet,
    author       = "Microsoft",
    title        = "What is .NET?",
    howpublished = "Dostęp zdalny (17.07.2024): \url{https://dotnet.microsoft.com/en-us/learn/dotnet/what-is-dotnet}",
    year         = "2024"
}

@misc{dotnetlanguages,
    author       = "Microsoft",
    title        = "Microsoft .NET language strategy",
    howpublished = "Dostęp zdalny (17.07.2024): \url{https://learn.microsoft.com/en-us/dotnet/fundamentals/languages}",
    year         = "2024"
}

@article{psychol,
    author    = "{Berthet V, de Gardelle V.}",
    title     = "The heuristics-and-biases inventory: An open-source tool to explore individual differences in rationality.",
    journal   = "Front Psychol.",
    year      = "2023",
}

@article{laibson,
    author    = "Laibson D., Zeckhauser R.",
    title     = "Amos Tversky and the Ascent of Behavioral Economics",
    journal   = "Journal of Risk and Uncertainty",
    year      = "1998",
}

@misc{pricing,
    author       = "The Decision Lab",
    title        = "Why do we compare everything to the first piece of information we received?",
    howpublished = "Dostęp zdalny (17.07.2024): \url{https://thedecisionlab.com/biases/anchoring-bias}",
    year         = "2024"
}

@article{sudeep,
  title={The Power of the Representativeness Heuristic},
  author={Sudeep Bhatia},
  journal={Cognitive Science},
  year={2015},
  url={https://api.semanticscholar.org/CorpusID:10855694}
}

@article{Weber_Mateas_Jhala_2011, title={A Particle Model for State Estimation in Real-Time Strategy Games}, volume={7}, url={https://ojs.aaai.org/index.php/AIIDE/article/view/12424}, DOI={10.1609/aiide.v7i1.12424}, abstractNote={ &lt;p&gt; A big challenge for creating human-level game AI is building agents capable of operating in imperfect information environments. In real-time strategy games the technological progress of an opponent and locations of enemy units are partially observable. To overcome this limitation, we explore a particle-based approach for estimating the location of enemy units that have been encountered. We represent state estimation as an optimization problem, and automatically learn parameters for the particle model by mining a corpus of expert StarCraft replays. The particle model tracks opponent units and provides conditions for activating tactical behaviors in our StarCraft bot. Our results show that incorporating a learned particle model improves the performance of EISBot by 10% over baseline approaches. &lt;/p&gt; }, number={1}, journal={Proceedings of the AAAI Conference on Artificial Intelligence and Interactive Digital Entertainment}, author={Weber, Ben and Mateas, Michael and Jhala, Arnav}, year={2011}, month={Oct.}, pages={103-108} }

@article{Ontan2013ASO,
  title={A Survey of Real-Time Strategy Game AI Research and Competition in StarCraft},
  author={Santiago Onta{\~n}{\'o}n and Gabriel Synnaeve and Alberto Uriarte and Florian Richoux and David Churchill and Mike Preuss},
  journal={IEEE Transactions on Computational Intelligence and AI in Games},
  year={2013},
  volume={5},
  pages={293-311},
  url={https://api.semanticscholar.org/CorpusID:5014732}
}

@inproceedings{inproceedings,
author = {Sturtevant, Nathan and Buro, Michael},
year = {2005},
month = {01},
pages = {1392-1397},
title = {Partial Pathfinding Using Map Abstraction and Refinement.},
volume = {3}
}